<?xml version="1.0"?>
<records xmlns="http://www.openarchives.org/OAI/2.0/">
  <record>
    <header>
      <identifier>oai:mst.rochester.edu:97</identifier>
    </header>
    <metadata>
      <marc:record xmlns:marc="http://www.loc.gov/MARC21/slim" xmlns:xsi="http://www.w3.org/2001/XMLSchema-instance" xsi:schemaLocation="http://www.loc.gov/MARC21/slim http://www.loc.gov/standards/marcxml/schema/MARC21slim.xsd">
        <marc:leader>01148uas a22003490  45 A</marc:leader>
        <marc:controlfield tag="001">2888</marc:controlfield>
        <marc:controlfield tag="003">NRU</marc:controlfield>
        <marc:controlfield tag="005">20080423130645.0</marc:controlfield>
        <marc:controlfield tag="008">760528c19319999paumr1p       0   a0eng d</marc:controlfield>
        <marc:datafield tag="010" ind1=" " ind2=" ">
          <marc:subfield code="a">sn 78005638 </marc:subfield>
        </marc:datafield>
        <marc:datafield tag="022" ind1=" " ind2=" ">
          <marc:subfield code="a">0362-2525</marc:subfield>
        </marc:datafield>
        <marc:datafield tag="030" ind1=" " ind2=" ">
          <marc:subfield code="a">JOMOAT</marc:subfield>
        </marc:datafield>
        <marc:datafield tag="035" ind1=" " ind2=" ">
          <marc:subfield code="b">ocl</marc:subfield>
          <marc:subfield code="a">02200304</marc:subfield>
        </marc:datafield>
        <marc:datafield tag="035" ind1=" " ind2=" ">
          <marc:subfield code="9">00051546</marc:subfield>
        </marc:datafield>
        <marc:datafield tag="040" ind1=" " ind2=" ">
          <marc:subfield code="a">NSD</marc:subfield>
          <marc:subfield code="c">NSD</marc:subfield>
          <marc:subfield code="d">RRR</marc:subfield>
        </marc:datafield>
        <marc:datafield tag="042" ind1=" " ind2=" ">
          <marc:subfield code="a">nsdp</marc:subfield>
        </marc:datafield>
        <marc:datafield tag="049" ind1=" " ind2=" ">
          <marc:subfield code="a">RRRR</marc:subfield>
        </marc:datafield>
        <marc:datafield tag="099" ind1=" " ind2=" ">
          <marc:subfield code="a">QL 801 J865</marc:subfield>
          <marc:subfield code="a">Serial</marc:subfield>
        </marc:datafield>
        <marc:datafield tag="130" ind1="0" ind2=" ">
          <marc:subfield code="a">Journal of morphology (Philadelphia, Pa.)</marc:subfield>
        </marc:datafield>
        <marc:datafield tag="210" ind1="0" ind2=" ">
          <marc:subfield code="a">J. morph. (1931)</marc:subfield>
        </marc:datafield>
        <marc:datafield tag="222" ind1=" " ind2="0">
          <marc:subfield code="a">Journal of morphology</marc:subfield>
          <marc:subfield code="b">(1931)</marc:subfield>
        </marc:datafield>
        <marc:datafield tag="245" ind1="0" ind2="0">
          <marc:subfield code="a">Journal of morphology.</marc:subfield>
        </marc:datafield>
        <marc:datafield tag="260" ind1=" " ind2=" ">
          <marc:subfield code="a">Philadelphia, Pa. :</marc:subfield>
          <marc:subfield code="b">Wister Institute of Anatomy and Biology,</marc:subfield>
          <marc:subfield code="c">1931-</marc:subfield>
        </marc:datafield>
        <marc:datafield tag="300" ind1=" " ind2=" ">
          <marc:subfield code="a">v. :</marc:subfield>
          <marc:subfield code="b">ill. ;</marc:subfield>
          <marc:subfield code="c">27 cm.</marc:subfield>
        </marc:datafield>
        <marc:datafield tag="362" ind1="0" ind2=" ">
          <marc:subfield code="a">Vol. 52, no. 2 (Dec. 1931)-</marc:subfield>
        </marc:datafield>
        <marc:datafield tag="500" ind1=" " ind2=" ">
          <marc:subfield code="a">Imprint varies.</marc:subfield>
        </marc:datafield>
        <marc:datafield tag="590" ind1=" " ind2=" ">
          <marc:subfield code="a">Miner vol. 52, no. 2 bound with: Journal of morphology and physiology, v. 52 (1931).</marc:subfield>
        </marc:datafield>
        <marc:datafield tag="650" ind1=" " ind2="0">
          <marc:subfield code="a">Morphology (Animals)</marc:subfield>
          <marc:subfield code="x">Periodicals.</marc:subfield>
        </marc:datafield>
        <marc:datafield tag="650" ind1=" " ind2="2">
          <marc:subfield code="a">Anatomy</marc:subfield>
          <marc:subfield code="v">Periodicals.</marc:subfield>
        </marc:datafield>
        <marc:datafield tag="710" ind1="2" ind2=" ">
          <marc:subfield code="a">Wistar Institute of Anatomy and Biology.</marc:subfield>
        </marc:datafield>
        <marc:datafield tag="770" ind1="0" ind2=" ">
          <marc:subfield code="t">Journal of morphology (Philadelphia, Pa.). Supplement</marc:subfield>
          <marc:subfield code="x">0898-9249</marc:subfield>
        </marc:datafield>
        <marc:datafield tag="780" ind1="0" ind2="0">
          <marc:subfield code="t">Journal of morphology and physiology</marc:subfield>
          <marc:subfield code="x">0095-9626</marc:subfield>
        </marc:datafield>
      </marc:record>
    </metadata>
  </record>
</records>
